<record><leader>00000cas a2200000 a 4500</leader><controlfield tag="001">37346719</controlfield><controlfield tag="008">970724d19171921oruwr ne      0    0eng c</controlfield><datafield ind1=" " ind2=" " tag="010"><subfield code="a">sn 96088223 </subfield></datafield><datafield ind1=" " ind2=" " tag="040"><subfield code="a">OCN</subfield><subfield code="b">eng</subfield><subfield code="c">OCN</subfield><subfield code="d">OCLCQ</subfield><subfield code="d">OCLCF</subfield><subfield code="d">OCLCO</subfield></datafield><datafield ind1="1" ind2=" " tag="029"><subfield code="a">AU@</subfield><subfield code="b">000013408242</subfield></datafield><datafield ind1=" " ind2=" " tag="042"><subfield code="a">pcc</subfield></datafield><datafield ind1=" " ind2=" " tag="043"><subfield code="a">n-us-or</subfield></datafield><datafield ind1="0" ind2="4" tag="245"><subfield code="a">The Coquille Valley sentinel and the Coquille herald.</subfield></datafield><datafield ind1=" " ind2=" " tag="260"><subfield code="a">Coquille, Coos County, Or. :</subfield><subfield code="b">H.W. Young,</subfield><subfield code="c">1917-1921.</subfield></datafield><datafield ind1=" " ind2=" " tag="300"><subfield code="a">v.</subfield></datafield><datafield ind1=" " ind2=" " tag="310"><subfield code="a">Weekly</subfield></datafield><datafield ind1="0" ind2=" " tag="362"><subfield code="a">Vol. 12, no. 34 (Sept. 2, 1917)-v. 16, no. 51 (Jan. 7, 1921).</subfield></datafield><datafield ind1=" " ind2="0" tag="651"><subfield code="a">Coquille (Or.)</subfield><subfield code="v">Newspapers.</subfield></datafield><datafield ind1=" " ind2="7" tag="655"><subfield code="a">Newspapers.</subfield><subfield code="2">fast</subfield><subfield code="0">(OCoLC)fst01423814</subfield></datafield><datafield ind1=" " ind2="7" tag="651"><subfield code="a">Oregon</subfield><subfield code="z">Coquille.</subfield><subfield code="2">fast</subfield><subfield code="0">(OCoLC)fst01221352</subfield></datafield><datafield ind1=" " ind2=" " tag="752"><subfield code="a">United States</subfield><subfield code="b">Oregon</subfield><subfield code="c">Coos</subfield><subfield code="d">Coquille.</subfield></datafield><datafield ind1="0" ind2="4" tag="780"><subfield code="t">Coquille herald</subfield><subfield code="w">(DLC)sn 96088224</subfield></datafield><datafield ind1="0" ind2="4" tag="780"><subfield code="t">Coquille Valley sentinel</subfield><subfield code="w">(DLC)sn 96088067</subfield></datafield><datafield ind1="0" ind2="0" tag="785"><subfield code="t">Coquille Valley sentinel (Coquille, Or.)</subfield><subfield code="w">(DLC)sn 96088222</subfield></datafield></record>